@article{cartlidge2007introductory,
  title={And introductory Overview of ITILv3-A high-level overview of the IT INFRASTRUCTURE LIBRARY},
  author={Cartlidge, Alison and Hanna, Ashley and Rudd, Colon and Macfarlane, Ivor and Windebank, J and Rance, Stuart},
  journal={The UK Chapter of the itSMF},
  year={2007}
}
@article{itsmfservice,
  title={service management forum (2010) ITIL v3},
  author={ITSMF, IT},
  journal={Information Technology Infrastructure Library. http://​ www.​ itsmfi.​ org}
}
@article{reaganUsing,
  title={Using psychophysiological techniques to measure user experience with entertainment technologies},
  author={Regan L. Mandryk , Kori M. Inkpen & Thomas W. Calvert},
  journal={Behaviour e Information Technology }
}

@article{userQuant,
  title={Quantifying Interactive User Experience on Thin Clients},
  author={Niraj Tolia, David G. Andersen, Mahadev Satyanarayanan},
  journal={Computer Science Department, Carnegie Mellon University }

}

@article{Hassenzahl,
 author = {Hassenzahl, Marc},
 title = {User Experience (UX): Towards an Experiential Perspective on Product Quality},
 year = {2008}
}
